@Book{ Luke2013Metaheuristics,
    author =    {  Luke, S. },
    title =     { Essentials of Metaheuristics },
    edition =   { second },
    year =      { 2013 },
    publisher = { Lulu },
    note =      { Available for free at http://cs.gmu.edu/$\sim$sean/book/metaheuristics/ }
}
@Masterthesis{ ksheperthesis,
    author =    { Scheper, K.Y.W. },
    title =     { Behaviour Trees for Evolutionary Robotics: Reducing the Reality Gap },
    year =      { 2014 },
    institution = { Faculty of Aerospace Engineering, Delft University of Technology }
}
@Book{ kozagp,
    author =    { Koza, J. R. },
    title =     { Genetic Programming: On the Programming of Computers by Means of Natural Selection },
    year =      { 1992 },
    publisher = { MIT Press }
}
@Misc{ frailweb,
  title = { FRAIL Official Website },
  howpublished = { \url{http://frailpwr.github.io/} },
  note = { Accessed: 2015-08-15 }
}
@Book{ hollandadaptation,
    author = { Holland, J. H. },
    publisher = { University of Michigan Press },
    title = {{ Adaptation in Natural and Artificial Systems }},
    year = { 1975 }
}

